@inproceedings{paper,
	author = {Lekies, Sebastian and Kotowicz, Krzysztof and Gro\ss, Samuel and Vela Nava, Eduardo A. and Johns, Martin},
	title = {Code-Reuse Attacks for the Web: Breaking Cross-Site Scripting Mitigations via Script Gadgets},
	booktitle = {Proceedings of the 2017 ACM SIGSAC Conference on Computer and Communications Security},
	series = {CCS '17},
	year = {2017},
	isbn = {978-1-4503-4946-8},
	location = {Dallas, Texas, USA},
	pages = {1709--1723},
	numpages = {15},
	url = {http://doi.acm.org/10.1145/3133956.3134091},
	doi = {10.1145/3133956.3134091},
	acmid = {3134091},
	publisher = {ACM},
	address = {New York, NY, USA},
	keywords = {content security policy, waf, web application security, xss, xss filters, xss mitigations},
} 

@book{hacker_handbook,
	title = {The Web Application Hacker's Handbook: Discovering and Exploiting Security Flaws},
	year = {2007},
	isbn = {9780470170779},
	publisher = {John Wiley \& Sons, Inc.},
	address = {New York, NY, USA},
	key = {{$\!\!$}} ,
} 